<?xml version="1.0" encoding="UTF-8"?><collection xmlns="http://www.loc.gov/MARC21/slim"><record><leader>00515nam--2200181-i-4500</leader><controlfield tag="001">000008155</controlfield><controlfield tag="002">20161230</controlfield><controlfield tag="005">20161230201027</controlfield><controlfield tag="008">060222s1000------------r-----000-0-eng-d</controlfield><datafield ind1=" " ind2=" " tag="040"><subfield code="a">IFIN-HH</subfield></datafield><datafield ind1=" " ind2=" " tag="041"><subfield code="a">eng</subfield></datafield><datafield ind1=" " ind2=" " tag="080"><subfield code="a">517.6(083)</subfield></datafield><datafield ind1=" " ind2=" " tag="100"><subfield code="a">Bateman, Harry</subfield></datafield><datafield ind1=" " ind2=" " tag="245"><subfield code="a">Tables of integral transforms</subfield><subfield code="c">Harry bateman</subfield></datafield><datafield ind1=" " ind2=" " tag="260"><subfield code="a">New York, Mcgraw-hill Book Company, Inc., 1954, Xx + 391 P</subfield></datafield><datafield ind1=" " ind2=" " tag="490"><subfield code="a">Bateman Manuscript Project, A.Erdely</subfield><subfield code="v">vol. I</subfield></datafield><datafield ind1=" " ind2=" " tag="852"><subfield code="a">25697</subfield><subfield code="c">518.2</subfield></datafield><datafield ind1=" " ind2=" " tag="CAT"><subfield code="a">Sys</subfield><subfield code="c">20100318</subfield><subfield code="h">103745</subfield></datafield></record></collection>